<collection xmlns="http://www.loc.gov/MARC21/slim">
   <record>
      <leader>01837nam a2200409 a 4500</leader>
      <controlfield tag="001">6698272</controlfield>
      <controlfield tag="003">OCoLC</controlfield>
      <controlfield tag="005">20141105141951.0</controlfield>
      <controlfield tag="008">131030t20152015ctua     b    001 0 eng d</controlfield>
      <datafield ind1=" " ind2=" " tag="020">
         <subfield code="a">9781285432823 (pbk.)</subfield>
      </datafield>
      <datafield ind1=" " ind2=" " tag="020">
         <subfield code="a">1285432827 (pbk.)</subfield>
      </datafield>
      <datafield ind1=" " ind2=" " tag="020">
         <subfield code="a">9781285433103</subfield>
      </datafield>
      <datafield ind1=" " ind2=" " tag="020">
         <subfield code="a">1285433106</subfield>
      </datafield>
      <datafield ind1=" " ind2=" " tag="035">
         <subfield code="a">ocn890950202</subfield>
      </datafield>
      <datafield ind1=" " ind2=" " tag="039">
         <subfield code="a">exclude</subfield>
      </datafield>
      <datafield ind1=" " ind2=" " tag="040">
         <subfield code="a">YDXCP</subfield>
         <subfield code="b">eng</subfield>
         <subfield code="c">YDXCP</subfield>
         <subfield code="d">AEU</subfield>
      </datafield>
      <datafield ind1=" " ind2="4" tag="050">
         <subfield code="a">PN4129.15</subfield>
         <subfield code="b">.C66 2015</subfield>
      </datafield>
      <datafield ind1="0" ind2="4" tag="082">
         <subfield code="a">808.51</subfield>
         <subfield code="2">23</subfield>
      </datafield>
      <datafield ind1=" " ind2=" " tag="090">
         <subfield code="a">PN4129.15 .C66 2015</subfield>
         <subfield code="b">AEGMCT</subfield>
      </datafield>
      <datafield ind1="1" ind2=" " tag="100">
         <subfield code="a">Coopman, Stephanie J.,</subfield>
         <subfield code="e">author.</subfield>
         <subfield code="0">http://id.loc.gov/authorities/names/n2008068384</subfield>
         <subfield code="0">http://viaf.org/viaf/9324396</subfield>
      </datafield>
      <datafield ind1="1" ind2="0" tag="245">
         <subfield code="a">Public speaking :</subfield>
         <subfield code="b">the evolving art /</subfield>
         <subfield code="c">Stephanie J. Coopman, James Lull.</subfield>
      </datafield>
      <datafield ind1=" " ind2=" " tag="250">
         <subfield code="a">Third edition.</subfield>
      </datafield>
      <datafield ind1=" " ind2="1" tag="264">
         <subfield code="a">Stamford, CT :</subfield>
         <subfield code="b">Cengage Learning,</subfield>
         <subfield code="c">[2015]</subfield>
      </datafield>
      <datafield ind1=" " ind2="4" tag="264">
         <subfield code="c">©2015</subfield>
      </datafield>
      <datafield ind1=" " ind2=" " tag="300">
         <subfield code="a">xxvi, 390 pages :</subfield>
         <subfield code="b">color illustrations ;</subfield>
         <subfield code="c">28 cm</subfield>
      </datafield>
      <datafield ind1=" " ind2=" " tag="336">
         <subfield code="a">text</subfield>
         <subfield code="b">txt</subfield>
         <subfield code="2">rdacontent</subfield>
         <subfield code="0">http://id.loc.gov/vocabulary/contentTypes/txt</subfield>
      </datafield>
      <datafield ind1=" " ind2=" " tag="337">
         <subfield code="a">unmediated</subfield>
         <subfield code="b">n</subfield>
         <subfield code="2">rdamedia</subfield>
         <subfield code="0">http://id.loc.gov/vocabulary/mediaTypes/n</subfield>
      </datafield>
      <datafield ind1=" " ind2=" " tag="338">
         <subfield code="a">volume</subfield>
         <subfield code="b">nc</subfield>
         <subfield code="2">rdacarrier</subfield>
         <subfield code="0">http://id.loc.gov/vocabulary/carriers/nc</subfield>
      </datafield>
      <datafield ind1=" " ind2=" " tag="500">
         <subfield code="a">Previous edition: Boston, Massachusetts: Wadsworth Cengage Learning, 2012.</subfield>
      </datafield>
      <datafield ind1=" " ind2=" " tag="504">
         <subfield code="a">Includes bibliographical references and index.</subfield>
      </datafield>
      <datafield ind1=" " ind2=" " tag="596">
         <subfield code="a">29</subfield>
      </datafield>
      <datafield ind1=" " ind2="0" tag="650">
         <subfield code="a">Public speaking.</subfield>
         <subfield code="0">http://id.loc.gov/authorities/subjects/sh85108814</subfield>
      </datafield>
      <datafield ind1="1" ind2=" " tag="700">
         <subfield code="a">Lull, James,</subfield>
         <subfield code="e">author.</subfield>
         <subfield code="0">http://id.loc.gov/authorities/names/n87876275</subfield>
         <subfield code="0">http://viaf.org/viaf/46825811</subfield>
      </datafield>
      <datafield ind1=" " ind2=" " tag="758">
         <subfield code="0">http://worldcat.org/entity/work/id/23625379</subfield>
      </datafield>
      <datafield ind1="0" ind2=" " tag="787">
         <subfield code="n">OCLC Work Id</subfield>
         <subfield code="o">http://worldcat.org/entity/work/id/23625379</subfield>
      </datafield>
      <datafield ind1=" " ind2=" " tag="949">
         <subfield code="a">PN4129.15 .C66 2015</subfield>
         <subfield code="h">GMCT-OS-B</subfield>
         <subfield code="i">1007426255</subfield>
         <subfield code="p">159.43</subfield>
         <subfield code="k">AVAIL_SOON</subfield>
      </datafield>
      <datafield ind1=" " ind2=" " tag="926">
         <subfield code="a">PN4129.15 .C66 2015</subfield>
         <subfield code="w">LC</subfield>
         <subfield code="c">1</subfield>
         <subfield code="i">1007426255</subfield>
         <subfield code="d">10/14/2015</subfield>
         <subfield code="e">10/4/2015</subfield>
         <subfield code="l">ON_SHELF</subfield>
         <subfield code="m">GR_MACEWAN</subfield>
         <subfield code="n">3</subfield>
         <subfield code="p">$159.43</subfield>
         <subfield code="r">Y</subfield>
         <subfield code="s">Y</subfield>
         <subfield code="t">BOOK</subfield>
         <subfield code="u">11/13/2014</subfield>
      </datafield>
   </record>
</collection>
